% 23896194 
@Article{pmid23896194,
   Author="Schlee, M. ",
   Title="{{M}aster sensors of pathogenic {R}{N}{A} - {R}{I}{G}-{I} like receptors}",
   Journal="Immunobiology",
   Year="2013",
   Volume="218",
   Number="11",
   Pages="1322--1335",
   Month="Nov"
}

% 23273991 
@Article{pmid23273991,
   Author="Wu, B.  and Peisley, A.  and Richards, C.  and Yao, H.  and Zeng, X.  and Lin, C.  and Chu, F.  and Walz, T.  and Hur, S. ",
   Title="{{S}tructural basis for ds{R}{N}{A} recognition, filament formation, and antiviral signal activation by {M}{D}{A}5}",
   Journal="Cell",
   Year="2013",
   Volume="152",
   Number="1-2",
   Pages="276--289",
   Month="Jan"
}

% 23251783 
@Article{pmid23251783,
   Author="Ferguson, B. J.  and Mansur, D. S.  and Peters, N. E.  and Ren, H.  and Smith, G. L. ",
   Title="{{D}{N}{A}-{P}{K} is a {D}{N}{A} sensor for {I}{R}{F}-3-dependent innate immunity}",
   Journal="Elife",
   Year="2012",
   Volume="1",
   Pages="e00047"
}

% 23989956 
@Article{pmid23989956,
   Author="Li, X. D.  and Wu, J.  and Gao, D.  and Wang, H.  and Sun, L.  and Chen, Z. J. ",
   Title="{{P}ivotal roles of c{G}{A}{S}-c{G}{A}{M}{P} signaling in antiviral defense and immune adjuvant effects}",
   Journal="Science",
   Year="2013",
   Volume="341",
   Number="6152",
   Pages="1390--1394",
   Month="Sep"
}

% 23238760 
@Article{pmid23238760,
   Author="Burdette, D. L.  and Vance, R. E. ",
   Title="{{S}{T}{I}{N}{G} and the innate immune response to nucleic acids in the cytosol}",
   Journal="Nat. Immunol.",
   Year="2013",
   Volume="14",
   Number="1",
   Pages="19--26",
   Month="Jan"
}

% 23959130 
@Article{pmid23959130,
   Author="Panne, D. ",
   Title="{{I}mmunology: {C}ytosolic {D}{N}{A} sensing unraveled}",
   Journal="Nat. Chem. Biol.",
   Year="2013",
   Volume="9",
   Number="9",
   Pages="533--534",
   Month="Sep"
}


