% 10391943 
@Article{pmid10391943,
   Author="Tanoue, T.  and Moriguchi, T.  and Nishida, E. ",
   Title="{{M}olecular cloning and characterization of a novel dual specificity phosphatase, {M}{K}{P}-5}",
   Journal="J. Biol. Chem.",
   Year="1999",
   Volume="274",
   Number="28",
   Pages="19949--19956",
   Month="Jul"
}

% 10597297 
@Article{pmid10597297,
   Author="Theodosiou, A.  and Smith, A.  and Gillieron, C.  and Arkinstall, S.  and Ashworth, A. ",
   Title="{{M}{K}{P}5, a new member of the {M}{A}{P} kinase phosphatase family, which selectively dephosphorylates stress-activated kinases}",
   Journal="Oncogene",
   Year="1999",
   Volume="18",
   Number="50",
   Pages="6981--6988",
   Month="Nov"
}

% 25772234 
@Article{pmid25772234,
   Author="Png, C. W.  and Weerasooriya, M.  and Guo, J.  and James, S. J.  and Poh, H. M.  and Osato, M.  and Flavell, R. A.  and Dong, C.  and Yang, H.  and Zhang, Y. ",
   Title="{{D}{U}{S}{P}10 regulates intestinal epithelial cell growth and colorectal tumorigenesis}",
   Journal="Oncogene",
   Year="2015",
   Pages=" ",
   Month="Mar"
}


% 22365663 
@Article{pmid22365663,
   Author="Gough, D. J.  and Messina, N. L.  and Clarke, C. J.  and Johnstone, R. W.  and Levy, D. E. ",
   Title="{{C}onstitutive type {I} interferon modulates homeostatic balance through tonic signaling}",
   Journal="Immunity",
   Year="2012",
   Volume="36",
   Number="2",
   Pages="166--174",
   Month="Feb"
}
% 21147034 
@Article{pmid21147034,
   Author="Pang, I. K.  and Iwasaki, A. ",
   Title="{{I}nflammasomes as mediators of immunity against influenza virus}",
   Journal="Trends Immunol.",
   Year="2011",
   Volume="32",
   Number="1",
   Pages="34--41",
   Month="Jan"
}

% 18796704 
@Article{pmid18796704,
   Author="Hale, B. G.  and Randall, R. E.  and Ortin, J.  and Jackson, D. ",
   Title="{{T}he multifunctional {N}{S}1 protein of influenza {A} viruses}",
   Journal="J. Gen. Virol.",
   Year="2008",
   Volume="89",
   Number="Pt 10",
   Pages="2359--2376",
   Month="Oct"
}


