% 18039395 
@Article{pmid18039395,
   Author="Stein, C.  and Caccamo, M.  and Laird, G.  and Leptin, M. ",
   Title="{{C}onservation and divergence of gene families encoding components of innate immune response systems in zebrafish}",
   Journal="Genome Biol.",
   Year="2007",
   Volume="8",
   Number="11",
   Pages="R251"
}

% 21743478 
@Article{pmid21743478,
   Author="Nakaya, H. I.  and Wrammert, J.  and Lee, E. K.  and Racioppi, L.  and Marie-Kunze, S.  and Haining, W. N.  and Means, A. R.  and Kasturi, S. P.  and Khan, N.  and Li, G. M.  and McCausland, M.  and Kanchan, V.  and Kokko, K. E.  and Li, S.  and Elbein, R.  and Mehta, A. K.  and Aderem, A.  and Subbarao, K.  and Ahmed, R.  and Pulendran, B. ",
   Title="{{S}ystems biology of vaccination for seasonal influenza in humans}",
   Journal="Nat. Immunol.",
   Year="2011",
   Volume="12",
   Number="8",
   Pages="786--795",
   Month="Aug"
}

% 18089727 
@Article{pmid18089727,
   Author="Randall, R. E.  and Goodbourn, S. ",
   Title="{{I}nterferons and viruses: an interplay between induction, signalling, antiviral responses and virus countermeasures}",
   Journal="J. Gen. Virol.",
   Year="2008",
   Volume="89",
   Number="Pt 1",
   Pages="1--47",
   Month="Jan"
}
% 23414756 
@Article{pmid23414756,
   Author="Hickman, H. D.  and Reynoso, G. V.  and Ngudiankama, B. F.  and Rubin, E. J.  and Magadan, J. G.  and Cush, S. S.  and Gibbs, J.  and Molon, B.  and Bronte, V.  and Bennink, J. R.  and Yewdell, J. W. ",
   Title="{{A}natomically restricted synergistic antiviral activities of innate and adaptive immune cells in the skin}",
   Journal="Cell Host Microbe",
   Year="2013",
   Volume="13",
   Number="2",
   Pages="155--168",
   Month="Feb"
}


