% 19056990 
@Article{pmid19056990,
   Author="Mold, J. E.  and Michaelsson, J.  and Burt, T. D.  and Muench, M. O.  and Beckerman, K. P.  and Busch, M. P.  and Lee, T. H.  and Nixon, D. F.  and McCune, J. M. ",
   Title="{{M}aternal alloantigens promote the development of tolerogenic fetal regulatory {T} cells in utero}",
   Journal="Science",
   Year="2008",
   Volume="322",
   Number="5907",
   Pages="1562--1565",
   Month="Dec"
}

% 14996783 
@Article{pmid14996783,
   Author="Adams, K. M.  and Nelson, J. L. ",
   Title="{{M}icrochimerism: an investigative frontier in autoimmunity and transplantation}",
   Journal="JAMA",
   Year="2004",
   Volume="291",
   Number="9",
   Pages="1127--1131",
   Month="Mar"
}

% 11535520 
@Article{pmid11535520,
   Author="Muller, S. M.  and Ege, M.  and Pottharst, A.  and Schulz, A. S.  and Schwarz, K.  and Friedrich, W. ",
   Title="{{T}ransplacentally acquired maternal {T} lymphocytes in severe combined immunodeficiency: a study of 121 patients}",
   Journal="Blood",
   Year="2001",
   Volume="98",
   Number="6",
   Pages="1847--1851",
   Month="Sep"
}

% 22795876 
@Article{pmid22795876,
   Author="Haniffa, M.  and Shin, A.  and Bigley, V.  and McGovern, N.  and Teo, P.  and See, P.  and Wasan, P. S.  and Wang, X. N.  and Malinarich, F.  and Malleret, B.  and Larbi, A.  and Tan, P.  and Zhao, H.  and Poidinger, M.  and Pagan, S.  and Cookson, S.  and Dickinson, R.  and Dimmick, I.  and Jarrett, R. F.  and Renia, L.  and Tam, J.  and Song, C.  and Connolly, J.  and Chan, J. K.  and Gehring, A.  and Bertoletti, A.  and Collin, M.  and Ginhoux, F. ",
   Title="{{H}uman tissues contain {C}{D}141hi cross-presenting dendritic cells with functional homology to mouse {C}{D}103+ nonlymphoid dendritic cells}",
   Journal="Immunity",
   Year="2012",
   Volume="37",
   Number="1",
   Pages="60--73",
   Month="Jul"
}

% 20018619 
@Article{pmid20018619,
   Author="Watchmaker, P. B.  and Berk, E.  and Muthuswamy, R.  and Mailliard, R. B.  and Urban, J. A.  and Kirkwood, J. M.  and Kalinski, P. ",
   Title="{{I}ndependent regulation of chemokine responsiveness and cytolytic function versus {C}{D}8+ {T} cell expansion by dendritic cells}",
   Journal="J. Immunol.",
   Year="2010",
   Volume="184",
   Number="2",
   Pages="591--597",
   Month="Jan"
}

% 25200712 
@Article{pmid25200712,
   Author="McGovern, N.  and Schlitzer, A.  and Gunawan, M.  and Jardine, L.  and Shin, A.  and Poyner, E.  and Green, K.  and Dickinson, R.  and Wang, X. N.  and Low, D.  and Best, K.  and Covins, S.  and Milne, P.  and Pagan, S.  and Aljefri, K.  and Windebank, M.  and Miranda-Saavedra, D.  and Saavedra, D. M.  and Larbi, A.  and Wasan, P. S.  and Duan, K.  and Poidinger, M.  and Bigley, V.  and Ginhoux, F.  and Collin, M.  and Haniffa, M. ",
   Title="{{H}uman dermal {C}{D}14âº cells are a transient population of monocyte-derived macrophages}",
   Journal="Immunity",
   Year="2014",
   Volume="41",
   Number="3",
   Pages="465--477",
   Month="Sep"
}

% 25887219 
@Article{pmid25887219,
   Author="Stein, C. K.  and Qu, P.  and Epstein, J.  and Buros, A.  and Rosenthal, A.  and Crowley, J.  and Morgan, G.  and Barlogie, B. ",
   Title="{{R}emoving batch effects from purified plasma cell gene expression microarrays with modified {C}om{B}at}",
   Journal="BMC Bioinformatics",
   Year="2015",
   Volume="16",
   Pages="63"
}


% 15308107 
@Article{pmid15308107,
   Author="Ohl, L.  and Mohaupt, M.  and Czeloth, N.  and Hintzen, G.  and Kiafard, Z.  and Zwirner, J.  and Blankenstein, T.  and Henning, G.  and Forster, R. ",
   Title="{{C}{C}{R}7 governs skin dendritic cell migration under inflammatory and steady-state conditions}",
   Journal="Immunity",
   Year="2004",
   Volume="21",
   Number="2",
   Pages="279--288",
   Month="Aug"
}


@Article{pmid24196717,
   Author="Elahi, S.  and Ertelt, J. M.  and Kinder, J. M.  and Jiang, T. T.  and Zhang, X.  and Xin, L.  and Chaturvedi, V.  and Strong, B. S.  and Qualls, J. E.  and Steinbrecher, K. A.  and Kalfa, T. A.  and Shaaban, A. F.  and Way, S. S. ",
   Title="{{I}mmunosuppressive {C}{D}71+ erythroid cells compromise neonatal host defence against infection}",
   Journal="Nature",
   Year="2013",
   Volume="504",
   Number="7478",
   Pages="158--162",
   Month="Dec"
}


