% 25829385 
@Article{pmid25829385,
   Author="Bryant, C. E.  and Orr, S.  and Ferguson, B.  and Symmons, M. F.  and Boyle, J. P.  and Monie, T. P. ",
   Title="{{I}nternational {U}nion of {B}asic and {C}linical {P}harmacology. {X}{C}{V}{I}. {P}attern recognition receptors in health and disease}",
   Journal="Pharmacol. Rev.",
   Year="2015",
   Volume="67",
   Number="2",
   Pages="462--504"
}


